% This file was created with JabRef 2.10.
% Encoding: Cp1252


@Article{ArthurT.Benjamin1993,
  Title                    = {The UMAP Journal},
  Author                   = {Arthur, T. Benjamin and Eric, Huggins},
  Journal                  = {The Journal of Undergraduate Mathematics and Its Application},
  Year                     = {1993},

  Timestamp                = {2015.04.18}
}

@Booklet{Fogel,
  Title                    = {Evolving Strategies in Blackjack},

  Address                  = {3333 N. Torrey Pines Ct., Suite 200

La Jolla, CA 92037 USA},
  Author                   = {David B. Fogel},

  Timestamp                = {2015.04.18}
}

@PhdThesis{GrahamKendall2003,
  Title                    = {The Evolution of BlackJack Strategies},
  Author                   = {Graham Kendall, Craig Smith},
  School                   = {University of Nottingham},
  Year                     = {2003},
  Month                    = {December},

  Timestamp                = {2015.04.18}
}

@Article{RogerR.Baldwin1956,
  Title                    = {The optimum Strategy in Blackjack},
  Author                   = {Roger, R. Baldwin and
 Wilbert, E. Cantey and
 Herbert,  Maisel and
 James, p. McDermott'},
  Journal                  = {Journal of The American Statistical Association},
  Year                     = {1956},

  Month                    = {september},
  Number                   = {275},
  Pages                    = {11},
  Volume                   = {51},

  Timestamp                = {2015.04.18}
}

@Article{Thorp1960,
  Title                    = {A FAVORABLE STRATEGY FOR TWENTY-ONE},
  Author                   = {Edward Thorp},
  Journal                  = {DEPARTMENT OF MATHEMATICS, MASSACHUSETTS INSTITUTE OF TECHNOLOGY},
  Year                     = {1960},

  Month                    = {November},

  Timestamp                = {2015.04.18}
}

@Electronic{2015,
  Title                    = {The History of Blackjack},
  Language                 = {English},
  Organization             = {WildJack},
  Url                      = {http://www.wildjackcasino.com/history-blackjack.html},
  Year                     = {2015},

  Timestamp                = {2015.04.18}
}

@Electronic{2015a,
  Title                    = {Excel Casino Games},
  Language                 = {Engels},
  Url                      = {http://www.excelcasinogames.com/},
  Year                     = {2015}
}

